<?xml version="1.0" encoding="UTF-8"?><collection xmlns="http://www.loc.gov/MARC21/slim"><record><leader>00368nam--2200133-i-4500</leader><controlfield tag="001">000024068</controlfield><controlfield tag="002">20161230</controlfield><controlfield tag="005">20161230201035</controlfield><controlfield tag="008">060222s1000------------r-----000-0-eng-d</controlfield><datafield ind1=" " ind2=" " tag="080"><subfield code="a">621.039.83(061.3):539.12.04</subfield></datafield><datafield ind1=" " ind2=" " tag="245"><subfield code="a">Induced mutations in vegetatively propagated plants ii</subfield></datafield><datafield ind1=" " ind2=" " tag="260"><subfield code="a">Vienna, Iaea, 1982. 310p</subfield></datafield><datafield ind1=" " ind2=" " tag="490"><subfield code="a">Panel Proceedings Series</subfield></datafield><datafield ind1=" " ind2=" " tag="852"><subfield code="a">49924</subfield></datafield></record></collection>